@inproceedings{laperdrix2017fprandom,
  title={FPRandom: Randomizing core browser objects to break advanced device fingerprinting techniques},
  author={Laperdrix, Pierre and Baudry, Benoit and Mishra, Vikas},
  booktitle={International Symposium on Engineering Secure Software and Systems},
  pages={97--114},
  year={2017},
  organization={Springer}
}

@inproceedings{nikiforakis2015privaricator,
  title={Privaricator: Deceiving fingerprinters with little white lies},
  author={Nikiforakis, Nick and Joosen, Wouter and Livshits, Benjamin},
  booktitle={Proceedings of the 24th International Conference on World Wide Web},
  pages={820--830},
  year={2015}
}